1994 3568
293 271 371 324 62
509 282 1060 321 macena-onum
1113 281 1559 320 POETARUM
1641 270 1919 331 mats.

296 424 547 490 sychiuntz
592 412 912 484 ἆναδείγμὰτα·
933 423 1049 479 {vtae
1073 433 1168 481 περὶ
1191 420 1453 482 τραχιῖλους.
1485 423 1540 472 in
1567 439 1790 474 errorem
1814 426 1891 478 in·

296 509 475 559 duEffls
512 509 780 575 depravato
819 508 1059 559 vocabulo
1097 508 1241 566 u‘vtoec,
1279 521 1335 556 ut
1374 509 1440 557 de
1465 506 1675 558 habenis
1700 510 1887 575 cogita·

292 577 389 656 ret,
423 593 604 658 quibus
628 594 748 658 equi
773 596 1062 643 retinentur
1085 607 1138 642 et
1161 597 1535 653 bvoexmrtgovnu.
1629 596 1696 642 At
1714 611 1716 613 ’
1732 593 1884 656 Hesy-

295 664 424 727 &blus
465 673 696 744 scripfifse
734 677 961 726 videtur:
1032 682 1346 735 ἃναδείγματα·
1394 684 1639 731 ταινίας
1675 687 1768 735 περὶ
1810 698 1883 736 τςι.

291 757 541 826 Absorpta
576 757 758 811 scilicet
797 757 982 835 [yllaba
1011 782 1096 820 τα,
1133 778 1262 826 quae
1299 758 1636 826 praecefferat,
1673 783 1778 816 ινιας
1803 779 1882 811 re·

291 842 487 896 manfit.
569 845 711 896 Idem
750 844 978 914 Sopingio
1018 846 1071 896 in
1112 859 1338 914 mentem
1374 842 1587 907 venifl'e‚
1637 863 1771 895 nunc
1814 846 1879 896 vi·

292 928 411 979 deo.
500 925 691 979 Fasciae
734 930 890 998 igitur
924 930 1314 997 intelligendae,
1367 929 1549 996 quibus
1606 918 1895 994 praecones*

288 1014 476 1064 'collum
499 1013 894 1075 circumdabant,
928 1028 997 1064 ne
1033 1015 1181 1074 nimis
1205 1014 1502 1064 inflarentur
1529 1015 1759 1074 arteriae,
1795 1013 1879 1065 fic-

288 1087 365 1167 u'ti
411 1098 639 1148 tibicines»-
693 1105 910 1158 φορβειαῖς
947 1098 1012 1149 ob
1060 1096 1270 1148 similem
1334 1095 1526 1148 causam
1582 1098 1875 1152 utebantur.

284 1181 561 1237 Malehoc
602 1185 771 1251 Epigr.
818 1180 1145 1246 adhibentem
1192 1179 1606 1233 Winleelmannum
1630 1183 1683 1231 in
1711 1185 1878 1237 Tratt.

282 1267 487 1332 helim.
523 1269 728 1316 innanzi
777 1267 875 1317 alla
915 1268 1080 1334 Spieg.
1121 1266 1204 1316 dei
1244 1268 1551 1316 Monimenti
1599 1267 1785 1317 inediti
1821 1284 1873 1333 p.

283 1351 481 1401 Lxxn.
507 1352 715 1401 meliora
742 1352 888 1401 docet
915 1350 1130 1414 qunius
1156 1354 1209 1400 in
1229 1350 1316 1400 den
1337 1354 1526 1419 antiqu.
1548 1351 1702 1416 Auffi
1727 1353 1791 1404 11.
1817 1369 1870 1416 p.

274 1446 418 1498 232·
459 1430 528 1500 sq.

405 1511 706 1570 CCCXIV.
737 1521 852 1573 Vat.
880 1519 939 1570 C.
969 1535 1016 1585 p.
1045 1523 1181 1580 458.
1217 1519 1358 1569 Plan.
1385 1535 1435 1584 p.
1467 1530 1604 1583 301.
1630 1521 1699 1571 St.
1728 1531 1868 1587 441.

280 1602 366 1661 W.
416 1603 652 1654 Pessimus
681 1599 846 1653 versus
870 1617 922 1653 et
944 1603 1200 1672 indignus,
1226 1606 1315 1670 qui
1343 1603 1424 1654 hic
1453 1604 1667 1672 legatur.
1719 1607 1871 1670 Apel-

231 1679 235 1689 ’
281 1689 344 1741 lis
375 1690 543 1755 imago
574 1689 780 1738 aliunde
809 1705 912 1738 non
939 1690 1156 1757 cognita.

378 1766 670 1831 [CCCXV.
715 1772 851 1824 Plan.
895 1791 945 1838 p.
991 1784 1124 1837 343.
1168 1771 1240 1821 St.
1273 1775 1410 1836 483.
1446 1772 1528 1823 W.
1568 1799 1650 1812 —
1712 1775 1775 1826 V.
1822 1785 1872 1826 1.

280 1857 329 1908 ὀ
359 1867 619 1918 rea-,samum
702 1858 964 1926 Praxitelis
980 1856 1207 1925 SatyruS,
1227 1869 1393 1907 utrem
1422 1855 1644 1907 humeris
1671 1867 1869 1927 gerens',

277 1943 415 2010 quod
443 1944 575 1992 resse
604 1941 725 1993 vidit
750 1939 1011 1993 Brodaeus.
1094 1942 1288 2009 Junius
1322 1943 1378 1992 in
1416 1943 1574 1994 catal.
1598 1958 1866 2008 perperam

277 2027 345 2078 de
370 2030 506 2079 Pane
541 2029 919 2091 interpretatur,
961 2027 1042 2078 cui
1067 2026 1196 2078 nihil
1223 2043 1334 2076 cum
1355 2009 1514 2076 ‘utres
1553 2027 1684 2078 Vide
1707 2029 1860 2091 qun.

277 2113 334 2162 in
379 2114 670 2166 Comment.
707 2112 755 2163 S.
784 2114 839 2162 R.
866 2114 929 2163 T.
956 2114 1017 2164 X.
1040 2129 1091 2179 p.
1125 2116 1216 2174 89.
1276 2111 1447 2161 Plures
1482 2109 1691 2162 fuerunt
1732 2114 1864 2176 ejus-

274 2198 393 2247 dem
431 2193 692 2262 sculptoris
732 2195 913 2265 Satyri.
1011 2199 1088 2259 Is,
1134 2212 1288 2263 quem
1322 2194 1592 2259 Pausanias
1623 2191 1860 2248 describit

271 2282 327 2333 L.
347 2283 387 2332 1.
411 2294 507 2334 20.
548 2281 741 2332 Baccho
768 2295 992 2348 pateram
1015 2280 1317 2350 porrigebat.
1384 2283 1594 2331 Danaen
1620 2295 1672 2330 et
1702 2284 1858 2350 Nym-

274 2364 399 2430 phas
425 2366 683 2417 Praxitelis
714 2359 813 2416 una‘
847 2383 961 2417 cum
1002 2371 1136 2417 Pane
1184 2379 1544 2416 commemorat
1583 2366 1858 2417 Nicomedes

269 2453 363 2516 Ep.
393 2453 480 2502 IV.
503 2454 567 2502 T.
596 2453 659 2501 11.
683 2469 732 2518 p.
771 2456 904 2516 383.
938 2480 1020 2491 —
1066 2451 1126 2505 V.
1159 2465 1207 2515 3.
1234 2456 1439 2511 λύγδηνα.
1484 2450 1599 2502 Ald.
1639 2463 1686 2504 1.
1716 2463 1769 2502 2.
1805 2462 1860 2516 3.

268 2555 352 2574 -·-
381 2538 443 2587 1n
464 2531 790 2603 sequentibus
820 2551 971 2603 opera
994 2533 1207 2603 ἅμῶμητα
1230 2537 1309 2585 vel
1334 2535 1394 2584 ab
1419 2529 1524 2600 ipso
1552 2538 1730 2585 Momo
1755 2536 1858 2585 lau-

268 2619 434 2671 danda
483 2618 843 2690 significantur.
947 2621 1116 2674 Verba
1167 2629 1296 2679 σοφαὶ
1329 2627 1454 2680 χέρες
1488 2617 1622 2670 haud
1654 2615 1748 2671 scio
1786 2636 1855 2671 an

264 2706 424 2754 etiam
458 2707 634 2756 Momo
663 2705 932 2757 tribuenda
954 2704 1064 2757 fint.
1085 2729 1169 2742 -—
1226 2707 1286 2758 V.
1314 2718 1368 2768 4.
1392 2700 1578 2764 ἄκρητος
1605 2713 1745 2764 σοφίη.
1773 2720 1851 2754 ars

266 2779 488 2856 perfecta
512 2803 564 2839 et
589 2790 786 2842 eximia.
827 2791 909 2842 Sic
935 2799 1089 2846 κάλλος
1104 2787 1297 2851 ’ἄκρητον
1318 2787 1389 2839 est
1413 2805 1490 2853 ap.
1517 2788 1655 2841 Paul.
1671 2789 1842 2840 Silent.

264 2876 357 2940 ΕΡ.
390 2876 644 2925 XXXVII.
681 2875 768 2926 ubi
803 2890 910 2927 not
941 2876 1187 2945 quaedam
1225 2876 1288 2924 Τ.
1316 2876 1402 2926 ΠΙ.
1444 2877 1497 2924 Ρ.
1542 2877 1579 2923 Ι.
1619 2889 1670 2939 Ρ.
1707 2885 1846 2937 151.

264 2957 508 3008 Similiter
541 2965 674 3021 ζωρὸν
702 2957 981 3029 usurpatur.
1008 2978 1052 3012 v.
1073 2961 1138 3011 ad
1171 2959 1370 3015 Leonid.
1396 2957 1538 3010 Alex.
1564 2958 1656 3026 ΕΡ.
1686 2961 1747 3010 Χ.
1777 2959 1843 3009 Τ.

257 3044 327 3094 11.
356 3047 408 3094 P.
446 3046 507 3093 11.
539 3061 586 3108 p.
633 3055 725 3106 92.
973 3075 976 3079 ·

288 3151 295 3158 ·
386 3121 685 3179 CCCXVI.
727 3130 861 3181 Plan.
889 3146 938 3196 p.
968 3142 1100 3196 302.
1131 3130 1203 3180 St.
1231 3138 1370 3196 442.
1395 3130 1479 3180 W.
1518 3129 1621 3183 „In
1660 3128 1841 3177 Planu-

257 3210 354 3261 dea
393 3209 499 3262 fine
538 3213 801 3277 lemmate,
836 3217 980 3282 cujus
1017 3212 1270 3266 defefium
1307 3231 1412 3265 non
1451 3209 1683 3279 supplent
1710 3211 1844 3262 Bro-

171 3341 172 3344 ,
253 3295 562 3372 ὀασί,“ιιοῐεε.
599 3301 661 3355 V.
701 3311 758 3351 2.
793 3300 1013 3372 legendo
1048 3307 1123 3364 τῶ,
1149 3300 1182 3351 i.
1216 3315 1262 3353 e.
1298 3306 1426 3366 τινος,
1460 3297 1637 3367 planus
1673 3291 1843 3349 sensus
