1994 3568
261 235 338 293 16
451 247 1032 318 11πικτιεειινιὊιῑῑηκι
1077 252 1163 289 1²0
1188 247 1527 291 ETA'RUM
1598 242 1835 310 111-201'

455 332 463 371 i

425 391 679 443 Armatam
705 393 863 443 Pallas
894 395 1109 445 Venerem
1138 388 1474 445 Lacedaemone
1510 394 1703 460 visens,.

467 546 475 549 K
555 477 709 538 Visne,
743 494 799 526 ut
818 480 1063 545 judicium
1082 478 1152 543 fic
1177 481 1414 528 ineamus?
1451 483 1544 534 ait.

438 548 540 614 Cui
582 564 737 612 Venus
763 565 1010 613 arridens:
1058 558 1200 632 Quid
1230 582 1297 612 me
1315 565 1506 633 galeata
1534 563 1745 630 laceffzs?

557 647 750 698 Vincere
774 645 830 711 st
845 647 1028 715 poffum
1065 649 1218 711 nuda,
1261 649 1383 715 quid
1404 665 1539 698 arma
1563 649 1764 720 gerens?

255 731 339 783 De
389 730 597 800 Venere
652 746 842 781 armata
889 732 1136 799 quaedam
1182 733 1470 783 monuimus
1507 733 1570 783 ad
1614 735 1848 784 Leonidae

263 811 379 868 Tar.
410 817 608 881 prllae
629 819 692 866 Τ.
720 820 759 867 1.
789 819 844 868 P.
869 819 934 867 ΙΙ.
959 835 1007 883 p.
1043 817 1172 867 106.
1188 813 1354 883 sq.—-
1374 819 1437 868 V.
1471 803 1630 873 Ῑ.’τῆν.
1658 818 1846 871 Sched.

257 899 446 951 Krohn.
487 928 571 937 —-
608 897 670 949 V·
715 913 766 965 3.
802 909 849 950 τί
887 923 957 961 μοι
1001 909 1134 958 σάκος
1177 908 1320 950 ἀντίον
1359 900 1506 960 αἴρειν.
1541 901 1661 967 quid
1713 901 1844 953 mihi

260 1001 386 1050 opus
420 983 491 1041 est
518 979 711 1035 scutum
735 998 911 1036 contra
943 999 994 1037 te
1017 987 1249 1047 attollere
1274 988 1306 1037 i.
1331 1003 1373 1036 e.
1404 987 1552 1036 armis
1576 988 1629 1036 in
1658 1000 1710 1036 te
1734 982 1846 1039 uti?

254 1070 316 1120 In
344 1069 524 1118 tanbus
548 1070 724 1119 Graeci
746 1067 1001 1122 infinitivo
1033 1071 1257 1138 elliptice
1270 1068 1426 1135 pofito
1455 1069 1515 1120 ad
1540 1069 1848 1140 indignatio·

254 1168 377 1204 nem
421 1153 675 1220 quandam
711 1153 1092 1220 exprimendam
1132 1169 1373 1215 utuntur;
1412 1169 1468 1204 ut
1502 1170 1698 1223 praeter
1724 1154 1846 1206 alios

253 1237 425 1289 docuit
458 1235 728 1288 Valckenor.
756 1239 818 1289 ad
845 1238 1019 1306 Eurip.
1053 1239 1244 1291 Phoen.
1272 1256 1323 1304 p.
1356 1251 1493 1303 572.

164 1320 166 1323 ’
380 1320 519 1374 CCL.
565 1323 772 1373 Planud.
807 1341 857 1388 p.
895 1335 1030 1385 327.-
1073 1323 1147 1373 St.
1189 1325 1328 1387 466.
1366 1325 1450 1375 W.
1492 1325 1705 1375 Miranti
1741 1322 1848 1375 cui·

251 1405 398 1470 dam,
436 1406 698 1471 ‘quomodo
740 1403 856 1466 fiat,
909 1419 967 1456 ut
1004 1404 1221 1456 Bacchus
1262 1424 1420 1474 prope
1459 1410 1746 1460 Minervam
1788 1405 1849 1458 fit

251 1488 467 1556 positus,
512 1489 728 1540 Bacchus
767 1506 877 1540 rem
913 1490 1145 1557 explicat,
1190 1493 1351 1540 multa
1380 1488 1471 1542 fibi
1497 1508 1610 1542 cum
1644 1491 1850 1543 Pailade

190 1636 197 1638 ,
253 1575 544 1628 communia
567 1572 669 1624 esse
705 1574 912 1626 docens,
999 1578 1257 1644 Argutum
1293 1591 1526 1638 carmen,
1566 1576 1702 1641 quod
1730 1577 1848 1626 illu-

250 1659 420 1713 str‘avit
445 1659 693 1709 Arnaldus
730 1660 794 1710 de
818 1660 927 1710 Diis
953 1673 1064 1720 naq.
1093 1676 1133 1709 c.
1165 1662 1273 1710 ΧΠ.
1300 1676 1347 1724 Ρ»
1377 1670 1476 1722 7ο.
1502 1654 1572 1724 sq.
1600 1683 1684 1694 —
1716 1660 1776 1714 V.
1809 1677 1849 1711 1·

252 1748 312 1808 τῇ
342 1751 429 1804 ’γὰρ
455 1764 632 1800 ακοντες
672 1772 752 1782 —-
788 1751 933 1793 εἶίλαπ
917 1766 1015 1796 cm
1103 1740 1427 1810 comparavit
1466 1741 1586 1792 haec
1626 1744 1685 1794 cl.
1717 1744 1848 1794 Mit

245 1829 439 1916 scherl.
457 1844 570 1880 cum
599 1830 881 1880 Horatianis
919 1831 987 1880 11
1030 1829 1184 1879 Odar·
1223 1830 1350 1880 XIX.
1384 1839 1481 1888 25.
1527 1826 1850 1896 Qamquam,

253 1893 439 1965 choreis
473 1917 637 1981 aptior
676 1930 723 1964 et
753 1913 883 1981 joc-is
923 1914 1152 1982 Ludoque
1187 1913 1367 1972 didus,
1375 1925 1377 1927 ·
1411 1927 1506 1961 non
1530 1911 1623 1975 sot
1652 1913 1875 1974 idoneus,

168 2060 172 2062 ἡ
251 2000 451 2070 Pugnae
470 1996 747 2064 ferebaris:
802 1998 895 2081 fid
935 1998 1055 2048 idem
1099 1999 1236 2048 Pacis
1269 2014 1371 2048 eras
1410 1997 1677 2063 mediusque
1718 1994 1848 2048 belli.

195 2110 197 2113 ⁴
251 2085 496 2137 Similiter
535 2083 754 2134 Martem
791 2101 820 2134 a
854 2082 1043 2134 Baccho
1076 2084 1297 2133 alienum
1325 2078 1582 2132 describit
1609 2081 1843 2148 Euripid-

250 2168 445 2222 Phoen.
484 2186 530 2221 v.
566 2178 707 2235 792.
745 2182 799 2220 et
843 2179 985 2232 797.
1021 2192 1104 2204 —
1147 2170 1206 2218 V.
1244 2181 1298 2218 2.
1340 2167 1511 2234 Vulgo
1538 2164 1642 2230 post
1667 2175 1848 2226 πόλεμοι

251 2252 608 2327 distinguitur,
661 2254 802 2320 quod
837 2253 1048 2303 minime
1081 2251 1368 2303 serendum.
1451 2250 1556 2301 Nec
1581 2245 1643 2300 sic
1671 2261 1847 2301 tamen

251 2334 421 2390 versus
459 2335 606 2389 vaide
650 2340 874 2408 eleganS.
922 2365 1004 2376 —-
1049 2341 1109 2389 V.
1149 2353 1205 2401 4.
1239 2337 1416 2391 εἴκελος.
1454 2335 1643 2404 Vulgo.
1741 2334 1845 2387 Sed

252 2424 391 2479 ἴκελος
419 2423 471 2474 in
498 2425 699 2491 optimis
726 2424 842 2478 edd.
871 2423 1052 2474 lefihim
1079 2424 1327 2473 revocavit
1339 2419 1766 2471 Arnaldus.-—V.
1785 2429 1843 2481 7.

249 2508 546 2560 Notandum
573 2519 681 2570 φυὴν
707 2525 798 2574 pro
821 2511 970 2573 φῦλον,
1010 2510 1217 2570 »γενέθλην
1243 2504 1476 2574 positum.
1501 2529 1584 2540 --
1628 2506 1843 2554 Utrum-

254 2609 357 2661 que
381 2594 661 2651 Minervae
696 2608 749 2644 et
783 2592 972 2645 Bacchi
1013 2609 1197 2645 munus
1232 2592 1400 2656 junxit
1438 2586 1699 2653 Nemesion
1740 2588 1845 2655 Cy·

251 2693 373 2746 neg·
403 2682 540 2730 206.
640 2677 782 2750 Qin
813 2678 971 2733 acidos
1009 2674 1181 2728 Bacchi
1216 2676 1374 2726 latices
1421 2673 1670 2724 Tritonide
1713 2671 1844 2722 olava
1892 2692 1896 2696 ·

253 2759 524 2826 Admiscere
547 2763 684 2814 decet.
689 2761 854 2816 —V.
882 2764 936 2817 6.
967 2763 1072 2823 η’ῳος
1090 2762 1261 2830 vulgo.
1309 2759 1375 2809 ἐπ’
1400 2759 1600 2807 Ὠκεανὸν
1626 2753 1838 2820 suspica-

251 2846 403 2899 batur
440 2847 699 2913 Arnaldus‚
735 2862 792 2900 ut
834 2846 1048 2899 Bacchus
1085 2843 1136 2897 se
1166 2846 1318 2897 ludos
1362 2859 1525 2911 usque
1563 2841 1624 2891 ad
1660 2841 1839 2890 ultima

253 2933 482 2984 Orientis
508 2935 664 2984 maria
689 2929 937 2999 superaffe
967 2932 1112 2984 dicat.
1200 2934 1318 2982 Non
1342 2928 1489 2980 video
1507 2962 1522 2988 ‚
1556 2925 1679 2991 quid
1716 2925 1842 2974 inde

250 3015 522 3067 lucremur.
619 3017 742 3073 Ἰνδὸς
792 3018 868 3068 ἀπ’
908 3017 1115 3068 Ὠκεανοῦ
1162 3014 1232 3066 est
1283 3007 1668 3077 circumscriptio
1704 3007 1840 3074 apud

251 3105 423 3169 poetas
455 3097 719 3169 utriusque
757 3103 964 3171 linguae
998 3101 1300 3167 frequenter
1337 3097 1500 3148 obvia.
1587 3092 1758 3158 Pastor
1778 3089 1838 3141 ab

251 3185 538 3253 Amphryso.
574 3171 765 3256 Virga.
804 3190 992 3257 Georg.
1030 3186 1121 3237 111.
1151 3199 1205 3236 2.
1250 3183 1390 3233 Atlas
1416 3199 1446 3233 a
1472 3180 1618 3234 litore
1640 3175 1844 3231 Hibero.

249 3269 340 3323 Sil.
363 3271 477 3323 Ital.
504 3273 578 3327 v.
592 3283 733 3338 271.
761 3269 852 3323 ubi
878 3267 1374 3336 vide'M1Heinfium.
1457 3293 1462 3309 ›

1984 1713 1994 1815 i
